@Book{ROS,
author = {YoonSeok Pyo, HanCheol Cho,RyuWoon Jung, TaeHoon Lim},
title = {ROS Robot Programming},
publisher = {	ROBOTIS	Co.,Ltd.	},
year = {2017},
address = {Seoul,	Republic	of	Korea},

langid = {english},
}

@Book{mobile_robot,
author = {Tlijani Hayet,Tlijani Hatem,Knani Jilani },
title = {Navigation Control of a Mobile Robot under Time Constraint using Genetic Algorithms, CSP Techniques, and Fuzzy Logic},
institution = {Electrical Department, National Engineering School of Tunis },
year = {2015},
address = { Tunis, Tunisia},

langid = {english},
}

@Manual{turtlebot3,
	title = {http://emanual.robotis.com/docs/en/platform/turtlebot3/overview/ },
	note = {Strona domowa platformy turtlebot3 },
	
}
@manual{turtlebot,
	note = {Strona domowa robotów turtlebot },
	title = {https://www.turtlebot.com},
}
@manual{outdoor_robot,
	note = {4WD Outdoor Mobile Platform },
	title = {https://www.dfrobot.com/product-94.html},
}

@manual{encoder_quad,
	note = {Enkoder kwadraturowy },
	title = {https://www.dynapar.com/technology/encoder\_basics/quadrature\_encoder/ },
}

@Book{P2P,
author = {Krzysztof Piech},
title = {Leksykon pojęć na temat technologii blockchain i kryptowalut},
year = {2016},

langid = {polish},
}

@Book{ROS_goals,
author = {Morgan Quigley},
title = {ROS: an open-source Robot Operating System},
year = {2009},
organization = {Computer Science Department, Stanford University},
address={Stanford, CA},
langid = {english},
}

@Book{wheels_vel,
	author = {Thomas Hellström},
	title = {Kinematics Equations for Differential Drive and Articulated Steering },
	year = {2011},
	organization = {Department of Computing Science, Umeå University},
	langid = {english},
}
@Book{encoder_velocity,
	author = {Roberto PETRELLA, Marco TURSINI, Luca PERETTI, Mauro ZIGLIOTTO  },
	title = {Speed Measurement Algorithms for Low-Resolution Incremental Encoder Equipped Drives: a Comparative Analysis },
	year = {2007},
	publisher = {IEEE	},
	langid = {english},
}
@Book{pid_discrete,
	author = {MARIUSZ MATUSIAK, PIOTR OSTALCZYK  },
	title = {Problems in solving fractional differential equations in a microcontroller implementation of an FOPID controller },
	institution = {Institute of Applied Computer Science, Lodz University of Technology },
	year = {2019},
	address = { Poland, Łódź},
	
	langid = {english},
}

@Book{pid_continous,
	author = {Hari Om Bansal, Rajamayyoor Sharma, P. R. Shreeraman  },
	title = {PID Controller Tuning Techniques: A Review },
	institution = {Electrical and Electronics Engineering Department, Birla Institute of Technology and Science },
	year = {2012},
	address = {Pilani, India },
	
	langid = {english},
}